% This file was created with JabRef 2.7.2.
% Encoding: GBK

@INPROCEEDINGS{Balan2012AHD,
  author = {Balan, Horia Vlad and Rogalin, Ryan and Michaloliakos, Antonios and
	Psounis, Konstantinos and Caire, Giuseppe},
  title = {{Achieving high data rates in a distributed MIMO system}},
  booktitle = {MobiCom '2012},
  publisher = {ACM},
  keywords = {software radio, synchronization, virtual mimo, wireless},
  url = {http://doi.acm.org/10.1145/2348543.2348552}
}

@INPROCEEDINGS{Blunck2012PEE,
  author = {Blunck, Henrik and Kj\ae rgaard, Mikkel Baun and Melchior, Christian},
  title = {{Poster: evaluating energy consumption of sensing algorithms - solely via models?}},
  booktitle = {MobiSys '2012},
  publisher = {ACM},
  keywords = {evaluation methods, mobile sensing, power consumption},
  url = {http://doi.acm.org/10.1145/2307636.2307707}
}

@INPROCEEDINGS{Brown2012MUS,
  author = {Brown, Anthony and Mortier, Richard and Rodden, Tom},
  title = {{MultiNet: usable and secure WiFi device association}},
  booktitle = {SIGCOMM '2012},
  publisher = {ACM},
  keywords = {usable security; domestic environments; 802.11; infrastructure intervention},
  url = {http://doi.acm.org/10.1145/2342356.2342407}
}

@INPROCEEDINGS{Chai2012BES,
  author = {Chai, Eugene and Lee, Jeongkeun and Lee, Sung-Ju and Etkin, Raul
	and Shin, Kang G.},
  title = {{Building efficient spectrum-agile devices for dummies}},
  booktitle = {MobiCom '2012},
  publisher = {ACM},
  keywords = {hybrid radio, per-frame spectrum shaping, software-defined radio,
	spectrum agility, spectrum-agile preamble detection},
  url = {http://doi.acm.org/10.1145/2348543.2348564}
}

@INPROCEEDINGS{Chipara2012WMS,
  author = {Chipara, Octav and Griswold, William G. and Plymoth, Anders N. and
	Huang, Ricky and Liu, Fang and Johansson, Per and Rao, Ramesh and
	Chan, Theodore and Buono, Colleen},
  title = {{WIISARD: a measurement study of network properties and protocol
	reliability during an emergency response}},
  booktitle = {MobiSys '2012},
  publisher = {ACM},
  keywords = {delay tolerant networking, emergency response, mobility, reliability},
  url = {http://doi.acm.org/10.1145/2307636.2307674}
}

@INPROCEEDINGS{Fan2012PSP,
  author = {Fan, Songchun and Gowda, Mahanth and Roy Choudhury, Romit},
  title = {{Poster: saving power for mobile phones with partial Wi-Fi scans}},
  booktitle = {MobiSys '2012},
  publisher = {ACM},
  keywords = {desicion tree, energy efficiency, scanning, wi-fi},
  url = {http://doi.acm.org/10.1145/2307636.2307708}
}

@INPROCEEDINGS{Fu2012FAA,
  author = {Fu, Wenliang and Song, Tian},
  title = {{A frequency adjustment architecture for energy efficient router}},
  booktitle = {SIGCOMM '2012},
  publisher = {ACM},
  keywords = {energy efficient router architecture, energy efficient strategy, frequency
	adjustment},
  url = {http://doi.acm.org/10.1145/2342356.2342383}
}

@INPROCEEDINGS{Furusho2012PEP,
  author = {Furusho, Hiroki and Hisazumi, Kenji and Kamiyama, Takeshi and Inamura,
	Hiroshi and Nakanishi, Tsuneo and Fukuda, Akira},
  title = {{Poster: an energy profiler for android applications used in the
	real world}},
  booktitle = {MobiSys '2012},
  publisher = {ACM},
  keywords = {energy consumption},
  url = {http://doi.acm.org/10.1145/2307636.2307712}
}

@INPROCEEDINGS{Han2012DPW,
  author = {Han, Hao and Liu, Yunxin and Shen, Guobin and Zhang, Yongguang and
	Li, Qun},
  title = {{DozyAP: power-efficient Wi-Fi tethering}},
  booktitle = {MobiSys '2012},
  publisher = {ACM},
  keywords = {802.11, energy efficiency, softap, wi-fi tethering},
  url = {http://doi.acm.org/10.1145/2307636.2307675}
}

@INPROCEEDINGS{Hare2012BDT,
  author = {Hare, Joshua and Hartung, Lance and Banerjee, Suman},
  title = {{Beyond deployments and testbeds: experiences with public usage on
	vehicular WiFi hotspots}},
  booktitle = {MobiSys '2012},
  publisher = {ACM},
  keywords = {network diversity, vehicular connectivity, wireless, wirover},
  url = {http://doi.acm.org/10.1145/2307636.2307673}
}

@INPROCEEDINGS{Hong2012PFR,
  author = {Hong, Steven S. and Mehlman, Jeffrey and Katti, Sachin},
  title = {{Picasso: flexible RF and spectrum slicing}},
  booktitle = {SIGCOMM '2012},
  publisher = {ACM},
  keywords = {interference cancellation, radio virtualization},
  url = {http://doi.acm.org/10.1145/2342356.2342362}
}

@INPROCEEDINGS{Hsieh2012PSS,
  author = {Hsieh, Chang-Hung and Chen, Yu-Yu and Yang, Chih-Chieh and Chao,
	Shih-Lung and Wei, Hung-Yu},
  title = {{Poster: a smart scheduling mechanism for energy saving in android
	system}},
  booktitle = {MobiSys '2012},
  publisher = {ACM},
  keywords = {android, energy saving, smart scheduling mechanism},
  url = {http://doi.acm.org/10.1145/2307636.2307713}
}

@INPROCEEDINGS{Huang2012CEP,
  author = {Huang, Junxian and Qian, Feng and Gerber, Alexandre and Mao, Z. Morley
	and Sen, Subhabrata and Spatscheck, Oliver},
  title = {{A close examination of performance and power characteristics of
	4G LTE networks}},
  booktitle = {MobiSys '2012},
  publisher = {ACM},
  keywords = {3g, 4g, 4gtest, energy saving, lte, network model simulation, power
	model simulation},
  url = {http://doi.acm.org/10.1145/2307636.2307658}
}

@INPROCEEDINGS{Huici2012BHC,
  author = {Huici, Felipe and di Pietro, Andrea and Trammell, Brian and Gomez
	Hidalgo, Jose Maria and Martinez Ruiz, Daniel and d'Heureuse, Nico},
  title = {{Blockmon: a high-performance composable network traffic measurement
	system}},
  booktitle = {SIGCOMM '2012},
  publisher = {ACM},
  keywords = {data processing, high performance, network monitoring},
  url = {http://doi.acm.org/10.1145/2342356.2342369}
}

@INPROCEEDINGS{Jarschel2012OED,
  author = {Jarschel, Michael and Pries, Rastin},
  title = {{An OpenFlow-based energy-efficient data center approach}},
  booktitle = {SIGCOMM '2012},
  publisher = {ACM},
  keywords = {data center, energy-efficiency, openflow},
  url = {http://doi.acm.org/10.1145/2342356.2342373}
}

@INPROCEEDINGS{Knight2012ASL,
  author = {Knight, Simon and Jaboldinov, Askar and Maennel, Olaf and Phillips,
	Iain and Roughan, Matthew},
  title = {{AutoNetkit: simplifying large scale, open-source network experimentation}},
  booktitle = {SIGCOMM '2012},
  publisher = {ACM},
  keywords = {automated configuration, emulation, network management},
  url = {http://doi.acm.org/10.1145/2342356.2342378}
}

@INPROCEEDINGS{Li2012ERA,
  author = {Li, Chi-Yu and Peng, Chunyi and Lu, Songwu and Wang, Xinbing},
  title = {{Energy-based rate adaptation for 802.11n}},
  booktitle = {MobiCom '2012},
  publisher = {ACM},
  keywords = {IEEE 802.11n, MIMO, energy efficiency, rate adaptation},
  url = {http://doi.acm.org/10.1145/2348543.2348585}
}

@INPROCEEDINGS{Mittal2012EDE,
  author = {Mittal, Radhika and Kansal, Aman and Chandra, Ranveer},
  title = {{Empowering developers to estimate app energy consumption}},
  booktitle = {MobiCom '2012},
  publisher = {ACM},
  keywords = {developer tools, display power, energy efficiency},
  url = {http://doi.acm.org/10.1145/2348543.2348583}
}

@INPROCEEDINGS{Pathak2012KMP,
  author = {Pathak, Abhinav and Jindal, Abhilash and Hu, Y. Charlie and Midkiff,
	Samuel P.},
  title = {{What is keeping my phone awake?: characterizing and detecting no-sleep
	energy bugs in smartphone apps}},
  booktitle = {MobiSys '2012},
  publisher = {ACM},
  keywords = {energy, energy-bug, mobile, nosleep-bug, smartphones},
  url = {http://doi.acm.org/10.1145/2307636.2307661}
}

@INPROCEEDINGS{Riggio2012EES,
  author = {Riggio, Roberto and Sengul, Cigdem and Mabell Gomez, Karina and Rasheed,
	Tinku},
  title = {{Energino: energy saving tips for your wireless network}},
  booktitle = {SIGCOMM '2012},
  publisher = {ACM},
  keywords = {arduino, energy consumption monitoring, open hardware, wireless},
  url = {http://doi.acm.org/10.1145/2342356.2342406}
}

@INPROCEEDINGS{Shen2012RAM,
  author = {Shen, Wei-Liang and Tung, Yu-Chih and Lee, Kuang-Che and Lin, Kate
	Ching-Ju and Gollakota, Shyamnath and Katabi, Dina and Chen, Ming-Syan},
  title = {{Rate adaptation for 802.11 multiuser mimo networks}},
  booktitle = {MobiCom '2012},
  publisher = {ACM},
  keywords = {multiuser mimo networks, rate adaptation},
  url = {http://doi.acm.org/10.1145/2348543.2348551}
}

@INPROCEEDINGS{Wang2012ERL,
  author = {Wang, Jue and Hassanieh, Haitham and Katabi, Dina and Indyk, Piotr},
  title = {{Efficient and reliable low-power backscatter networks}},
  booktitle = {SIGCOMM '2012},
  publisher = {ACM},
  keywords = {backscatter, compressive sensing, rfid, wireless},
  url = {http://doi.acm.org/10.1145/2342356.2342364}
}

@INPROCEEDINGS{Wei2012PMP,
  author = {Wei, Xuetao and Gomez, Lorenzo and Neamtiu, Iulian and Faloutsos,
	Michalis},
  title = {{ProfileDroid: multi-layer profiling of android applications}},
  booktitle = {MobiCom '2012},
  publisher = {ACM},
  keywords = {android apps, google android, monitoring, profiling, system},
  url = {http://doi.acm.org/10.1145/2348543.2348563}
}

@INPROCEEDINGS{Zhang2012DMA,
  author = {Zhang, Xi and Ansari, Junaid and Zhu, Xuan and M\"{a}h\"{o}nen, Petri},
  title = {{Demo: a mobility aware cooperative scheme for MAC reconfiguration in cognitive wireless networks}},
  booktitle = {MobiSys '2012},
  publisher = {ACM},
  keywords = {adaptation, cooperation, mac},
  url = {http://doi.acm.org/10.1145/2307636.2307688}
}

@INPROCEEDINGS{926982,
  author={Heinzelman, W.R. and Chandrakasan, A. and Balakrishnan, H.},
  booktitle={HICCS '2000},
  title={Energy-efficient communication protocol for wireless microsensor networks},
  doi={10.1109/HICSS.2000.926982},
  organization={IEEE}
}

@inproceedings{ye2002energy,
  title={{An energy-efficient MAC protocol for wireless sensor networks}},
  author={Ye, W. and Heidemann, J. and Estrin, D.},
  booktitle={INFOCOM '2002},
  organization={IEEE}
}

@inproceedings{chen2002span,
  title = {Span: An Energy-Efficient Coordination Algorithm for Topology Maintenance in Ad Hoc Wireless Networks},
  author = {Benjie Chen and Kyle Jamieson and Hari Balakrishnan and Robert Morris},
  booktitle = {MobiCom '2001},
  publisher = {ACM}
}
