% This file was created with JabRef 2.8.1.
% Encoding: GBK

@INPROCEEDINGS{Aryafar:2010:DEE:1859995.1860019,
  author = {Aryafar, Ehsan and Anand, Narendra and Salonidis, Theodoros and Knightly,
	Edward W.},
  title = {Design and experimental evaluation of multi-user beamforming in wireless
	LANs},
  booktitle = {Proceedings of the sixteenth annual international conference on Mobile
	computing and networking},
  year = {2010},
  series = {MobiCom '10},
  pages = {197--208},
  address = {New York, NY, USA},
  publisher = {ACM},
  acmid = {1860019},
  doi = {10.1145/1859995.1860019},
  isbn = {978-1-4503-0181-7},
  keywords = {beamforming, channel information, interference suppression, mobility,
	multi-user mimo, wireless lan},
  location = {Chicago, Illinois, USA},
  numpages = {12},
  owner = {Yongsen},
  timestamp = {2012.11.06},
  url = {http://doi.acm.org/10.1145/1859995.1860019}
}

@INPROCEEDINGS{Aryafar:2012:MEM:2348543.2348576,
  author = {Aryafar, Ehsan and Khojastepour, Mohammad Amir and Sundaresan, Karthikeyan
	and Rangarajan, Sampath and Chiang, Mung},
  title = {MIDU: enabling MIMO full duplex},
  booktitle = {Proceedings of the 18th annual international conference on Mobile
	computing and networking},
  year = {2012},
  series = {Mobicom '12},
  pages = {257--268},
  address = {New York, NY, USA},
  publisher = {ACM},
  acmid = {2348576},
  doi = {10.1145/2348543.2348576},
  isbn = {978-1-4503-1159-5},
  keywords = {full duplex, multi-user MIMO},
  location = {Istanbul, Turkey},
  numpages = {12},
  owner = {Yongsen},
  timestamp = {2012.11.06},
  url = {http://doi.acm.org/10.1145/2348543.2348576}
}

@INPROCEEDINGS{Balan:2012:AHD:2348543.2348552,
  author = {Balan, Horia Vlad and Rogalin, Ryan and Michaloliakos, Antonios and
	Psounis, Konstantinos and Caire, Giuseppe},
  title = {Achieving high data rates in a distributed MIMO system},
  booktitle = {Proceedings of the 18th annual international conference on Mobile
	computing and networking},
  year = {2012},
  series = {Mobicom '12},
  pages = {41--52},
  address = {New York, NY, USA},
  publisher = {ACM},
  acmid = {2348552},
  doi = {10.1145/2348543.2348552},
  isbn = {978-1-4503-1159-5},
  keywords = {software radio, synchronization, virtual mimo, wireless},
  location = {Istanbul, Turkey},
  numpages = {12},
  owner = {Yongsen},
  timestamp = {2012.11.06},
  url = {http://doi.acm.org/10.1145/2348543.2348552}
}

@INPROCEEDINGS{Balasubramanian:2010:AMU:1814433.1814456,
  author = {Balasubramanian, Aruna and Mahajan, Ratul and Venkataramani, Arun},
  title = {Augmenting mobile 3G using WiFi},
  booktitle = {Proceedings of the 8th international conference on Mobile systems,
	applications, and services},
  year = {2010},
  series = {MobiSys '10},
  pages = {209--222},
  address = {New York, NY, USA},
  publisher = {ACM},
  acmid = {1814456},
  doi = {10.1145/1814433.1814456},
  isbn = {978-1-60558-985-5},
  keywords = {3G augmentation, applications, vehicular network, wifi},
  location = {San Francisco, California, USA},
  numpages = {14},
  owner = {Yongsen},
  timestamp = {2012.11.06},
  url = {http://doi.acm.org/10.1145/1814433.1814456}
}

@INPROCEEDINGS{Bhartia:2011:HFD:2030613.2030642,
  author = {Bhartia, Apurv and Chen, Yi-Chao and Rallapalli, Swati and Qiu, Lili},
  title = {Harnessing frequency diversity in wi-fi networks},
  booktitle = {Proceedings of the 17th annual international conference on Mobile
	computing and networking},
  year = {2011},
  series = {MobiCom '11},
  pages = {253--264},
  address = {New York, NY, USA},
  publisher = {ACM},
  acmid = {2030642},
  doi = {10.1145/2030613.2030642},
  isbn = {978-1-4503-0492-4},
  keywords = {IEEE 802.11, cross layer design, forward error correction (FEC), orthorgonal
	frequency division multiplexing (OFDM), rate adaptation},
  location = {Las Vegas, Nevada, USA},
  numpages = {12},
  owner = {Yongsen},
  timestamp = {2012.11.06},
  url = {http://doi.acm.org/10.1145/2030613.2030642}
}

@INPROCEEDINGS{Chai:2012:BES:2348543.2348564,
  author = {Chai, Eugene and Lee, Jeongkeun and Lee, Sung-Ju and Etkin, Raul
	and Shin, Kang G.},
  title = {Building efficient spectrum-agile devices for dummies},
  booktitle = {Proceedings of the 18th annual international conference on Mobile
	computing and networking},
  year = {2012},
  series = {Mobicom '12},
  pages = {149--160},
  address = {New York, NY, USA},
  publisher = {ACM},
  acmid = {2348564},
  doi = {10.1145/2348543.2348564},
  isbn = {978-1-4503-1159-5},
  keywords = {hybrid radio, per-frame spectrum shaping, software-defined radio,
	spectrum agility, spectrum-agile preamble detection},
  location = {Istanbul, Turkey},
  numpages = {12},
  owner = {Yongsen},
  timestamp = {2012.11.06},
  url = {http://doi.acm.org/10.1145/2348543.2348564}
}

@INPROCEEDINGS{Choi:2010:ASC:1859995.1859997,
  author = {Choi, Jung Il and Jain, Mayank and Srinivasan, Kannan and Levis,
	Phil and Katti, Sachin},
  title = {Achieving single channel, full duplex wireless communication},
  booktitle = {Proceedings of the sixteenth annual international conference on Mobile
	computing and networking},
  year = {2010},
  series = {MobiCom '10},
  pages = {1--12},
  address = {New York, NY, USA},
  publisher = {ACM},
  acmid = {1859997},
  doi = {10.1145/1859995.1859997},
  isbn = {978-1-4503-0181-7},
  keywords = {wireless full-duplex},
  location = {Chicago, Illinois, USA},
  numpages = {12},
  owner = {Yongsen},
  timestamp = {2012.11.06},
  url = {http://doi.acm.org/10.1145/1859995.1859997}
}

@INPROCEEDINGS{Dogar:2010:CEH:1814433.1814446,
  author = {Dogar, Fahad R. and Steenkiste, Peter and Papagiannaki, Konstantina},
  title = {Catnap: exploiting high bandwidth wireless interfaces to save energy
	for mobile devices},
  booktitle = {Proceedings of the 8th international conference on Mobile systems,
	applications, and services},
  year = {2010},
  series = {MobiSys '10},
  pages = {107--122},
  address = {New York, NY, USA},
  publisher = {ACM},
  acmid = {1814446},
  doi = {10.1145/1814433.1814446},
  isbn = {978-1-60558-985-5},
  keywords = {energy efficiency, mobile devices, system power management, traffic
	shaping, wireless},
  location = {San Francisco, California, USA},
  numpages = {16},
  owner = {Yongsen},
  timestamp = {2012.11.06},
  url = {http://doi.acm.org/10.1145/1814433.1814446}
}

@INPROCEEDINGS{Dong:2011:SHS:1999995.2000027,
  author = {Dong, Mian and Zhong, Lin},
  title = {Self-constructive high-rate system energy modeling for battery-powered
	mobile systems},
  booktitle = {Proceedings of the 9th international conference on Mobile systems,
	applications, and services},
  year = {2011},
  series = {MobiSys '11},
  pages = {335--348},
  address = {New York, NY, USA},
  publisher = {ACM},
  acmid = {2000027},
  doi = {10.1145/1999995.2000027},
  isbn = {978-1-4503-0643-0},
  keywords = {energy modeling, low power, mobile systems},
  location = {Bethesda, Maryland, USA},
  numpages = {14},
  owner = {Yongsen},
  timestamp = {2012.11.06},
  url = {http://doi.acm.org/10.1145/1999995.2000027}
}

@INPROCEEDINGS{Falaki:2010:DSU:1814433.1814453,
  author = {Falaki, Hossein and Mahajan, Ratul and Kandula, Srikanth and Lymberopoulos,
	Dimitrios and Govindan, Ramesh and Estrin, Deborah},
  title = {Diversity in smartphone usage},
  booktitle = {Proceedings of the 8th international conference on Mobile systems,
	applications, and services},
  year = {2010},
  series = {MobiSys '10},
  pages = {179--194},
  address = {New York, NY, USA},
  publisher = {ACM},
  acmid = {1814453},
  doi = {10.1145/1814433.1814453},
  isbn = {978-1-60558-985-5},
  keywords = {smartphone usage, user behavior},
  location = {San Francisco, California, USA},
  numpages = {16},
  owner = {Yongsen},
  timestamp = {2012.11.06},
  url = {http://doi.acm.org/10.1145/1814433.1814453}
}

@INPROCEEDINGS{Gao:2012:EG:2342356.2342398,
  author = {Gao, Peter Xiang and Curtis, Andrew R. and Wong, Bernard and Keshav,
	Srinivasan},
  title = {It's not easy being green},
  booktitle = {Proceedings of the ACM SIGCOMM 2012 conference on Applications, technologies,
	architectures, and protocols for computer communication},
  year = {2012},
  series = {SIGCOMM '12},
  pages = {211--222},
  address = {New York, NY, USA},
  publisher = {ACM},
  acmid = {2342398},
  doi = {10.1145/2342356.2342398},
  isbn = {978-1-4503-1419-0},
  keywords = {energy, green computing},
  location = {Helsinki, Finland},
  numpages = {12},
  owner = {Yongsen},
  timestamp = {2012.11.06},
  url = {http://doi.acm.org/10.1145/2342356.2342398}
}

@INPROCEEDINGS{Gollakota:2011:CRS:2018436.2018456,
  author = {Gollakota, Shyamnath and Adib, Fadel and Katabi, Dina and Seshan,
	Srinivasan},
  title = {Clearing the RF smog: making 802.11n robust to cross-technology interference},
  booktitle = {Proceedings of the ACM SIGCOMM 2011 conference},
  year = {2011},
  series = {SIGCOMM '11},
  pages = {170--181},
  address = {New York, NY, USA},
  publisher = {ACM},
  acmid = {2018456},
  doi = {10.1145/2018436.2018456},
  isbn = {978-1-4503-0797-0},
  keywords = {cognitive mimo, cross-technology interference},
  location = {Toronto, Ontario, Canada},
  numpages = {12},
  owner = {Yongsen},
  timestamp = {2012.11.06},
  url = {http://doi.acm.org/10.1145/2018436.2018456}
}

@INPROCEEDINGS{Goma:2011:IAC:2018436.2018475,
  author = {Goma, Eduard and Canini, Marco and Lopez Toledo, Alberto and Laoutaris,
	Nikolaos and Kosti\'{c}, Dejan and Rodriguez, Pablo and Stanojevi\'{c},
	Rade and Yag\"{u}e Valentin, Pablo},
  title = {Insomnia in the access: or how to curb access network related energy
	consumption},
  booktitle = {Proceedings of the ACM SIGCOMM 2011 conference},
  year = {2011},
  series = {SIGCOMM '11},
  pages = {338--349},
  address = {New York, NY, USA},
  publisher = {ACM},
  acmid = {2018475},
  doi = {10.1145/2018436.2018475},
  isbn = {978-1-4503-0797-0},
  keywords = {broadband access networks, energy},
  location = {Toronto, Ontario, Canada},
  numpages = {12},
  owner = {Yongsen},
  timestamp = {2012.11.06},
  url = {http://doi.acm.org/10.1145/2018436.2018475}
}

@INPROCEEDINGS{Gudipati:2011:SAR:2018436.2018455,
  author = {Gudipati, Aditya and Katti, Sachin},
  title = {Strider: automatic rate adaptation and collision handling},
  booktitle = {Proceedings of the ACM SIGCOMM 2011 conference},
  year = {2011},
  series = {SIGCOMM '11},
  pages = {158--169},
  address = {New York, NY, USA},
  publisher = {ACM},
  acmid = {2018455},
  doi = {10.1145/2018436.2018455},
  isbn = {978-1-4503-0797-0},
  keywords = {collision decoding, hidden terminals, rate adaptation, rateless coding},
  location = {Toronto, Ontario, Canada},
  numpages = {12},
  owner = {Yongsen},
  timestamp = {2012.11.06},
  url = {http://doi.acm.org/10.1145/2018436.2018455}
}

@INPROCEEDINGS{Halperin:2010:PPD:1851182.1851203,
  author = {Halperin, Daniel and Hu, Wenjun and Sheth, Anmol and Wetherall, David},
  title = {Predictable 802.11 packet delivery from wireless channel measurements},
  booktitle = {Proceedings of the ACM SIGCOMM 2010 conference},
  year = {2010},
  series = {SIGCOMM '10},
  pages = {159--170},
  address = {New York, NY, USA},
  publisher = {ACM},
  acmid = {1851203},
  doi = {10.1145/1851182.1851203},
  isbn = {978-1-4503-0201-2},
  keywords = {802.11n, effective snr, fading, link adaptation, mimo, ofdm, power
	control, rate adaptation, rssi, snr, wireless},
  location = {New Delhi, India},
  numpages = {12},
  owner = {Yongsen},
  timestamp = {2012.11.06},
  url = {http://doi.acm.org/10.1145/1851182.1851203}
}

@INPROCEEDINGS{Han:2012:DPW:2307636.2307675,
  author = {Han, Hao and Liu, Yunxin and Shen, Guobin and Zhang, Yongguang and
	Li, Qun},
  title = {DozyAP: power-efficient Wi-Fi tethering},
  booktitle = {Proceedings of the 10th international conference on Mobile systems,
	applications, and services},
  year = {2012},
  series = {MobiSys '12},
  pages = {421--434},
  address = {New York, NY, USA},
  publisher = {ACM},
  acmid = {2307675},
  doi = {10.1145/2307636.2307675},
  isbn = {978-1-4503-1301-8},
  keywords = {802.11, energy efficiency, softap, wi-fi tethering},
  location = {Low Wood Bay, Lake District, UK},
  numpages = {14},
  owner = {Yongsen},
  timestamp = {2012.11.06},
  url = {http://doi.acm.org/10.1145/2307636.2307675}
}

@INPROCEEDINGS{Hong:2012:PFR:2342356.2342362,
  author = {Hong, Steven S. and Mehlman, Jeffrey and Katti, Sachin},
  title = {Picasso: flexible RF and spectrum slicing},
  booktitle = {Proceedings of the ACM SIGCOMM 2012 conference on Applications, technologies,
	architectures, and protocols for computer communication},
  year = {2012},
  series = {SIGCOMM '12},
  pages = {37--48},
  address = {New York, NY, USA},
  publisher = {ACM},
  acmid = {2342362},
  doi = {10.1145/2342356.2342362},
  isbn = {978-1-4503-1419-0},
  keywords = {interference cancellation, radio virtualization},
  location = {Helsinki, Finland},
  numpages = {12},
  owner = {Yongsen},
  timestamp = {2012.11.06},
  url = {http://doi.acm.org/10.1145/2342356.2342362}
}

@INPROCEEDINGS{Huang:2012:CEP:2307636.2307658,
  author = {Huang, Junxian and Qian, Feng and Gerber, Alexandre and Mao, Z. Morley
	and Sen, Subhabrata and Spatscheck, Oliver},
  title = {A close examination of performance and power characteristics of 4G
	LTE networks},
  booktitle = {Proceedings of the 10th international conference on Mobile systems,
	applications, and services},
  year = {2012},
  series = {MobiSys '12},
  pages = {225--238},
  address = {New York, NY, USA},
  publisher = {ACM},
  acmid = {2307658},
  doi = {10.1145/2307636.2307658},
  isbn = {978-1-4503-1301-8},
  keywords = {3g, 4g, 4gtest, energy saving, lte, network model simulation, power
	model simulation},
  location = {Low Wood Bay, Lake District, UK},
  numpages = {14},
  owner = {Yongsen},
  timestamp = {2012.11.06},
  url = {http://doi.acm.org/10.1145/2307636.2307658}
}

@INPROCEEDINGS{Huang:2010:AAP:1814433.1814452,
  author = {Huang, Junxian and Xu, Qiang and Tiwana, Birjodh and Mao, Z. Morley
	and Zhang, Ming and Bahl, Paramvir},
  title = {Anatomizing application performance differences on smartphones},
  booktitle = {Proceedings of the 8th international conference on Mobile systems,
	applications, and services},
  year = {2010},
  series = {MobiSys '10},
  pages = {165--178},
  address = {New York, NY, USA},
  publisher = {ACM},
  acmid = {1814452},
  doi = {10.1145/1814433.1814452},
  isbn = {978-1-60558-985-5},
  keywords = {3G network, application performance, mobile web browsing, performance
	comparison, smartphone},
  location = {San Francisco, California, USA},
  numpages = {14},
  owner = {Yongsen},
  timestamp = {2012.11.06},
  url = {http://doi.acm.org/10.1145/1814433.1814452}
}

@INPROCEEDINGS{Jain:2011:PRF:2030613.2030647,
  author = {Jain, Mayank and Choi, Jung Il and Kim, Taemin and Bharadia, Dinesh
	and Seth, Siddharth and Srinivasan, Kannan and Levis, Philip and
	Katti, Sachin and Sinha, Prasun},
  title = {Practical, real-time, full duplex wireless},
  booktitle = {Proceedings of the 17th annual international conference on Mobile
	computing and networking},
  year = {2011},
  series = {MobiCom '11},
  pages = {301--312},
  address = {New York, NY, USA},
  publisher = {ACM},
  acmid = {2030647},
  doi = {10.1145/2030613.2030647},
  isbn = {978-1-4503-0492-4},
  keywords = {full-duplex wireless},
  location = {Las Vegas, Nevada, USA},
  numpages = {12},
  owner = {Yongsen},
  timestamp = {2012.11.06},
  url = {http://doi.acm.org/10.1145/2030613.2030647}
}

@INPROCEEDINGS{Keralapura:2010:PUN:1859995.1860034,
  author = {Keralapura, Ram and Nucci, Antonio and Zhang, Zhi-Li and Gao, Lixin},
  title = {Profiling users in a 3g network using hourglass co-clustering},
  booktitle = {Proceedings of the sixteenth annual international conference on Mobile
	computing and networking},
  year = {2010},
  series = {MobiCom '10},
  pages = {341--352},
  address = {New York, NY, USA},
  publisher = {ACM},
  acmid = {1860034},
  doi = {10.1145/1859995.1860034},
  isbn = {978-1-4503-0181-7},
  keywords = {hierarchical coclustering, hourglass model, phantom bi-clustering},
  location = {Chicago, Illinois, USA},
  numpages = {12},
  owner = {Yongsen},
  timestamp = {2012.11.06},
  url = {http://doi.acm.org/10.1145/1859995.1860034}
}

@INPROCEEDINGS{Kim:2010:SAM:1859995.1860029,
  author = {Kim, Kyu-Han and Min, Alexander W. and Shin, Kang G.},
  title = {Sybot: an adaptive and mobile spectrum survey system for wifi networks},
  booktitle = {Proceedings of the sixteenth annual international conference on Mobile
	computing and networking},
  year = {2010},
  series = {MobiCom '10},
  pages = {293--304},
  address = {New York, NY, USA},
  publisher = {ACM},
  acmid = {1860029},
  doi = {10.1145/1859995.1860029},
  isbn = {978-1-4503-0181-7},
  keywords = {adaptive spectrum survey, measurement, spectrum map, spectrum site-survey,
	wireless network},
  location = {Chicago, Illinois, USA},
  numpages = {12},
  owner = {Yongsen},
  timestamp = {2012.11.06},
  url = {http://doi.acm.org/10.1145/1859995.1860029}
}

@INPROCEEDINGS{Kjaergaard:2011:ETT:1999995.2000025,
  author = {Kj\ae rgaard, Mikkel Baun and Bhattacharya, Sourav and Blunck, Henrik
	and Nurmi, Petteri},
  title = {Energy-efficient trajectory tracking for mobile devices},
  booktitle = {Proceedings of the 9th international conference on Mobile systems,
	applications, and services},
  year = {2011},
  series = {MobiSys '11},
  pages = {307--320},
  address = {New York, NY, USA},
  publisher = {ACM},
  acmid = {2000025},
  doi = {10.1145/1999995.2000025},
  isbn = {978-1-4503-0643-0},
  keywords = {GPS, energy-efficiency, mobile computing, positioning, trajectory
	simplification},
  location = {Bethesda, Maryland, USA},
  numpages = {14},
  owner = {Yongsen},
  timestamp = {2012.11.06},
  url = {http://doi.acm.org/10.1145/1999995.2000025}
}

@INPROCEEDINGS{Li:2012:ERA:2348543.2348585,
  author = {Li, Chi-Yu and Peng, Chunyi and Lu, Songwu and Wang, Xinbing},
  title = {Energy-based rate adaptation for 802.11n},
  booktitle = {Proceedings of the 18th annual international conference on Mobile
	computing and networking},
  year = {2012},
  series = {Mobicom '12},
  pages = {341--352},
  address = {New York, NY, USA},
  publisher = {ACM},
  acmid = {2348585},
  doi = {10.1145/2348543.2348585},
  isbn = {978-1-4503-1159-5},
  keywords = {IEEE 802.11n, MIMO, energy efficiency, rate adaptation},
  location = {Istanbul, Turkey},
  numpages = {12},
  owner = {Yongsen},
  timestamp = {2012.11.06},
  url = {http://doi.acm.org/10.1145/2348543.2348585}
}

@INPROCEEDINGS{Lin:2010:ETC:1814433.1814462,
  author = {Lin, Kaisen and Kansal, Aman and Lymberopoulos, Dimitrios and Zhao,
	Feng},
  title = {Energy-accuracy trade-off for continuous mobile device location},
  booktitle = {Proceedings of the 8th international conference on Mobile systems,
	applications, and services},
  year = {2010},
  series = {MobiSys '10},
  pages = {285--298},
  address = {New York, NY, USA},
  publisher = {ACM},
  acmid = {1814462},
  doi = {10.1145/1814433.1814462},
  isbn = {978-1-60558-985-5},
  keywords = {GPS energy, continuous location, location-based applications},
  location = {San Francisco, California, USA},
  numpages = {14},
  owner = {Yongsen},
  timestamp = {2012.11.06},
  url = {http://doi.acm.org/10.1145/1814433.1814462}
}

@INPROCEEDINGS{Lin:2011:RAH:2018436.2018454,
  author = {Lin, Kate Ching-Ju and Gollakota, Shyamnath and Katabi, Dina},
  title = {Random access heterogeneous MIMO networks},
  booktitle = {Proceedings of the ACM SIGCOMM 2011 conference},
  year = {2011},
  series = {SIGCOMM '11},
  pages = {146--157},
  address = {New York, NY, USA},
  publisher = {ACM},
  acmid = {2018454},
  doi = {10.1145/2018436.2018454},
  isbn = {978-1-4503-0797-0},
  keywords = {interference alignment, interference nulling, mimo},
  location = {Toronto, Ontario, Canada},
  numpages = {12},
  owner = {Yongsen},
  timestamp = {2012.11.06},
  url = {http://doi.acm.org/10.1145/2018436.2018454}
}

@INPROCEEDINGS{Ma:2012:SPR:2342356.2342428,
  author = {Ma, Yadi and Banerjee, Suman},
  title = {A smart pre-classifier to reduce power consumption of TCAMs for multi-dimensional
	packet classification},
  booktitle = {Proceedings of the ACM SIGCOMM 2012 conference on Applications, technologies,
	architectures, and protocols for computer communication},
  year = {2012},
  series = {SIGCOMM '12},
  pages = {335--346},
  address = {New York, NY, USA},
  publisher = {ACM},
  acmid = {2342428},
  doi = {10.1145/2342356.2342428},
  isbn = {978-1-4503-1419-0},
  keywords = {packet classification, power consumption, smartpc},
  location = {Helsinki, Finland},
  numpages = {12},
  owner = {Yongsen},
  timestamp = {2012.11.06},
  url = {http://doi.acm.org/10.1145/2342356.2342428}
}

@INPROCEEDINGS{Magistretti:2011:WRW:2030613.2030619,
  author = {Magistretti, Eugenio and Chintalapudi, Krishna Kant and Radunovic,
	Bozidar and Ramjee, Ramachandran},
  title = {WiFi-Nano: reclaiming WiFi efficiency through 800 ns slots},
  booktitle = {Proceedings of the 17th annual international conference on Mobile
	computing and networking},
  year = {2011},
  series = {MobiCom '11},
  pages = {37--48},
  address = {New York, NY, USA},
  publisher = {ACM},
  acmid = {2030619},
  doi = {10.1145/2030613.2030619},
  isbn = {978-1-4503-0492-4},
  keywords = {802.11, WiFi},
  location = {Las Vegas, Nevada, USA},
  numpages = {12},
  owner = {Yongsen},
  timestamp = {2012.11.06},
  url = {http://doi.acm.org/10.1145/2030613.2030619}
}

@INPROCEEDINGS{Magistretti:2010:IML:1859995.1860030,
  author = {Magistretti, Eugenio and Gurewitz, Omer and Knightly, Edward},
  title = {Inferring and mitigating a link's hindering transmissions in managed
	802.11 wireless networks},
  booktitle = {Proceedings of the sixteenth annual international conference on Mobile
	computing and networking},
  year = {2010},
  series = {MobiCom '10},
  pages = {305--316},
  address = {New York, NY, USA},
  publisher = {ACM},
  acmid = {1860030},
  doi = {10.1145/1859995.1860030},
  isbn = {978-1-4503-0181-7},
  keywords = {802.11, coordination, inference, interference, wlans},
  location = {Chicago, Illinois, USA},
  numpages = {12},
  owner = {Yongsen},
  timestamp = {2012.11.06},
  url = {http://doi.acm.org/10.1145/1859995.1860030}
}

@INPROCEEDINGS{Manweiler:2011:ARH:1999995.2000020,
  author = {Manweiler, Justin and Roy Choudhury, Romit},
  title = {Avoiding the rush hours: WiFi energy management via traffic isolation},
  booktitle = {Proceedings of the 9th international conference on Mobile systems,
	applications, and services},
  year = {2011},
  series = {MobiSys '11},
  pages = {253--266},
  address = {New York, NY, USA},
  publisher = {ACM},
  acmid = {2000020},
  doi = {10.1145/1999995.2000020},
  isbn = {978-1-4503-0643-0},
  keywords = {802.11, AP, PSM, WLAN, beacon, contention, scheduling},
  location = {Bethesda, Maryland, USA},
  numpages = {14},
  owner = {Yongsen},
  timestamp = {2012.11.06},
  url = {http://doi.acm.org/10.1145/1999995.2000020}
}

@INPROCEEDINGS{Mittal:2012:EDE:2348543.2348583,
  author = {Mittal, Radhika and Kansal, Aman and Chandra, Ranveer},
  title = {Empowering developers to estimate app energy consumption},
  booktitle = {Proceedings of the 18th annual international conference on Mobile
	computing and networking},
  year = {2012},
  series = {Mobicom '12},
  pages = {317--328},
  address = {New York, NY, USA},
  publisher = {ACM},
  acmid = {2348583},
  doi = {10.1145/2348543.2348583},
  isbn = {978-1-4503-1159-5},
  keywords = {developer tools, display power, energy efficiency},
  location = {Istanbul, Turkey},
  numpages = {12},
  owner = {Yongsen},
  timestamp = {2012.11.06},
  url = {http://doi.acm.org/10.1145/2348543.2348583}
}

@INPROCEEDINGS{Nath:2012:AEC:2307636.2307640,
  author = {Nath, Suman},
  title = {ACE: exploiting correlation for energy-efficient and continuous context
	sensing},
  booktitle = {Proceedings of the 10th international conference on Mobile systems,
	applications, and services},
  year = {2012},
  series = {MobiSys '12},
  pages = {29--42},
  address = {New York, NY, USA},
  publisher = {ACM},
  acmid = {2307640},
  doi = {10.1145/2307636.2307640},
  isbn = {978-1-4503-1301-8},
  keywords = {continuous context-aware applications, rule-based optimization, sensor-rich
	mobile environment},
  location = {Low Wood Bay, Lake District, UK},
  numpages = {14},
  owner = {Yongsen},
  timestamp = {2012.11.06},
  url = {http://doi.acm.org/10.1145/2307636.2307640}
}

@INPROCEEDINGS{Nguyen:2011:OCD:2030613.2030624,
  author = {Nguyen, Nam P. and Dinh, Thang N. and Tokala, Sindhura and Thai,
	My T.},
  title = {Overlapping communities in dynamic networks: their detection and
	mobile applications},
  booktitle = {Proceedings of the 17th annual international conference on Mobile
	computing and networking},
  year = {2011},
  series = {MobiCom '11},
  pages = {85--96},
  address = {New York, NY, USA},
  publisher = {ACM},
  acmid = {2030624},
  doi = {10.1145/2030613.2030624},
  isbn = {978-1-4503-0492-4},
  keywords = {communication network, community detection, forwarding routing strategies,
	mobile network, worm containment},
  location = {Las Vegas, Nevada, USA},
  numpages = {12},
  owner = {Yongsen},
  timestamp = {2012.11.06},
  url = {http://doi.acm.org/10.1145/2030613.2030624}
}

@INPROCEEDINGS{Paek:2010:ERG:1814433.1814463,
  author = {Paek, Jeongyeup and Kim, Joongheon and Govindan, Ramesh},
  title = {Energy-efficient rate-adaptive GPS-based positioning for smartphones},
  booktitle = {Proceedings of the 8th international conference on Mobile systems,
	applications, and services},
  year = {2010},
  series = {MobiSys '10},
  pages = {299--314},
  address = {New York, NY, USA},
  publisher = {ACM},
  acmid = {1814463},
  doi = {10.1145/1814433.1814463},
  isbn = {978-1-60558-985-5},
  keywords = {GPS, adaptive positioning, energy-efficient, sensor, smartphone},
  location = {San Francisco, California, USA},
  numpages = {16},
  owner = {Yongsen},
  timestamp = {2012.11.06},
  url = {http://doi.acm.org/10.1145/1814433.1814463}
}

@INPROCEEDINGS{Paek:2011:EPS:1999995.2000024,
  author = {Paek, Jeongyeup and Kim, Kyu-Han and Singh, Jatinder P. and Govindan,
	Ramesh},
  title = {Energy-efficient positioning for smartphones using Cell-ID sequence
	matching},
  booktitle = {Proceedings of the 9th international conference on Mobile systems,
	applications, and services},
  year = {2011},
  series = {MobiSys '11},
  pages = {293--306},
  address = {New York, NY, USA},
  publisher = {ACM},
  acmid = {2000024},
  doi = {10.1145/1999995.2000024},
  isbn = {978-1-4503-0643-0},
  keywords = {adaptive positioning, energy-efficient, gps, sensor, smartphone},
  location = {Bethesda, Maryland, USA},
  numpages = {14},
  owner = {Yongsen},
  timestamp = {2012.11.06},
  url = {http://doi.acm.org/10.1145/1999995.2000024}
}

@INPROCEEDINGS{Pathak:2012:KMP:2307636.2307661,
  author = {Pathak, Abhinav and Jindal, Abhilash and Hu, Y. Charlie and Midkiff,
	Samuel P.},
  title = {What is keeping my phone awake?: characterizing and detecting no-sleep
	energy bugs in smartphone apps},
  booktitle = {Proceedings of the 10th international conference on Mobile systems,
	applications, and services},
  year = {2012},
  series = {MobiSys '12},
  pages = {267--280},
  address = {New York, NY, USA},
  publisher = {ACM},
  acmid = {2307661},
  doi = {10.1145/2307636.2307661},
  isbn = {978-1-4503-1301-8},
  keywords = {energy, energy-bug, mobile, nosleep-bug, smartphones},
  location = {Low Wood Bay, Lake District, UK},
  numpages = {14},
  owner = {Yongsen},
  timestamp = {2012.11.06},
  url = {http://doi.acm.org/10.1145/2307636.2307661}
}

@INPROCEEDINGS{Pefkianakis:2010:MRA:1859995.1860025,
  author = {Pefkianakis, Ioannis and Hu, Yun and Wong, Starsky H.Y. and Yang,
	Hao and Lu, Songwu},
  title = {MIMO rate adaptation in 802.11n wireless networks},
  booktitle = {Proceedings of the sixteenth annual international conference on Mobile
	computing and networking},
  year = {2010},
  series = {MobiCom '10},
  pages = {257--268},
  address = {New York, NY, USA},
  publisher = {ACM},
  acmid = {1860025},
  doi = {10.1145/1859995.1860025},
  isbn = {978-1-4503-0181-7},
  keywords = {ieee 802.11n, mimo, rate adaptation},
  location = {Chicago, Illinois, USA},
  numpages = {12},
  owner = {Yongsen},
  timestamp = {2012.11.06},
  url = {http://doi.acm.org/10.1145/1859995.1860025}
}

@INPROCEEDINGS{Peng:2011:TPS:2030613.2030628,
  author = {Peng, Chunyi and Lee, Suk-Bok and Lu, Songwu and Luo, Haiyun and
	Li, Hewu},
  title = {Traffic-driven power saving in operational 3G cellular networks},
  booktitle = {Proceedings of the 17th annual international conference on Mobile
	computing and networking},
  year = {2011},
  series = {MobiCom '11},
  pages = {121--132},
  address = {New York, NY, USA},
  publisher = {ACM},
  acmid = {2030628},
  doi = {10.1145/2030613.2030628},
  isbn = {978-1-4503-0492-4},
  keywords = {3g network traffic, cellular networks, energy efficiency},
  location = {Las Vegas, Nevada, USA},
  numpages = {12},
  owner = {Yongsen},
  timestamp = {2012.11.06},
  url = {http://doi.acm.org/10.1145/2030613.2030628}
}

@INPROCEEDINGS{Popa:2012:FSN:2342356.2342396,
  author = {Popa, Lucian and Kumar, Gautam and Chowdhury, Mosharaf and Krishnamurthy,
	Arvind and Ratnasamy, Sylvia and Stoica, Ion},
  title = {FairCloud: sharing the network in cloud computing},
  booktitle = {Proceedings of the ACM SIGCOMM 2012 conference on Applications, technologies,
	architectures, and protocols for computer communication},
  year = {2012},
  series = {SIGCOMM '12},
  pages = {187--198},
  address = {New York, NY, USA},
  publisher = {ACM},
  acmid = {2342396},
  doi = {10.1145/2342356.2342396},
  isbn = {978-1-4503-1419-0},
  keywords = {cloud computing, network sharing},
  location = {Helsinki, Finland},
  numpages = {12},
  owner = {Yongsen},
  timestamp = {2012.11.06},
  url = {http://doi.acm.org/10.1145/2342356.2342396}
}

@INPROCEEDINGS{Qian:2011:PRU:1999995.2000026,
  author = {Qian, Feng and Wang, Zhaoguang and Gerber, Alexandre and Mao, Zhuoqing
	and Sen, Subhabrata and Spatscheck, Oliver},
  title = {Profiling resource usage for mobile applications: a cross-layer approach},
  booktitle = {Proceedings of the 9th international conference on Mobile systems,
	applications, and services},
  year = {2011},
  series = {MobiSys '11},
  pages = {321--334},
  address = {New York, NY, USA},
  publisher = {ACM},
  acmid = {2000026},
  doi = {10.1145/1999995.2000026},
  isbn = {978-1-4503-0643-0},
  keywords = {3G networks, UMTS, crosslayer analysis, radio resource optimization,
	rrc state machine, smartphone applications},
  location = {Bethesda, Maryland, USA},
  numpages = {14},
  owner = {Yongsen},
  timestamp = {2012.11.06},
  url = {http://doi.acm.org/10.1145/1999995.2000026}
}

@INPROCEEDINGS{Ra:2010:ETS:1814433.1814459,
  author = {Ra, Moo-Ryong and Paek, Jeongyeup and Sharma, Abhishek B. and Govindan,
	Ramesh and Krieger, Martin H. and Neely, Michael J.},
  title = {Energy-delay tradeoffs in smartphone applications},
  booktitle = {Proceedings of the 8th international conference on Mobile systems,
	applications, and services},
  year = {2010},
  series = {MobiSys '10},
  pages = {255--270},
  address = {New York, NY, USA},
  publisher = {ACM},
  acmid = {1814459},
  doi = {10.1145/1814433.1814459},
  isbn = {978-1-60558-985-5},
  keywords = {Lyapunov optimization, interface selection, smartphone, wifi},
  location = {San Francisco, California, USA},
  numpages = {16},
  owner = {Yongsen},
  timestamp = {2012.11.06},
  url = {http://doi.acm.org/10.1145/1814433.1814459}
}

@INPROCEEDINGS{Rahul:2012:JSW:2342356.2342401,
  author = {Rahul, Hariharan Shankar and Kumar, Swarun and Katabi, Dina},
  title = {JMB: scaling wireless capacity with user demands},
  booktitle = {Proceedings of the ACM SIGCOMM 2012 conference on Applications, technologies,
	architectures, and protocols for computer communication},
  year = {2012},
  series = {SIGCOMM '12},
  pages = {235--246},
  address = {New York, NY, USA},
  publisher = {ACM},
  acmid = {2342401},
  doi = {10.1145/2342356.2342401},
  isbn = {978-1-4503-1419-0},
  keywords = {distributed mimo, multi-user mimo, wireless networks},
  location = {Helsinki, Finland},
  numpages = {12},
  owner = {Yongsen},
  timestamp = {2012.11.06},
  url = {http://doi.acm.org/10.1145/2342356.2342401}
}

@INPROCEEDINGS{Rayanchu:2011:FIT:2030613.2030615,
  author = {Rayanchu, Shravan and Shrivastava, Vivek and Banerjee, Suman and
	Chandra, Ranveer},
  title = {FLUID: improving throughputs in enterprise wireless lans through
	flexible channelization},
  booktitle = {Proceedings of the 17th annual international conference on Mobile
	computing and networking},
  year = {2011},
  series = {MobiCom '11},
  pages = {1--12},
  address = {New York, NY, USA},
  publisher = {ACM},
  acmid = {2030615},
  doi = {10.1145/2030613.2030615},
  isbn = {978-1-4503-0492-4},
  keywords = {channel width, conflict graph, scheduling, spectrum, wifi},
  location = {Las Vegas, Nevada, USA},
  numpages = {12},
  owner = {Yongsen},
  timestamp = {2012.11.06},
  url = {http://doi.acm.org/10.1145/2030613.2030615}
}

@INPROCEEDINGS{Rozner:2010:NNP:1814433.1814445,
  author = {Rozner, Eric and Navda, Vishnu and Ramjee, Ramachandran and Rayanchu,
	Shravan},
  title = {NAPman: network-assisted power management for wifi devices},
  booktitle = {Proceedings of the 8th international conference on Mobile systems,
	applications, and services},
  year = {2010},
  series = {MobiSys '10},
  pages = {91--106},
  address = {New York, NY, USA},
  publisher = {ACM},
  acmid = {1814445},
  doi = {10.1145/1814433.1814445},
  isbn = {978-1-60558-985-5},
  keywords = {802.11, access points (APs), power save mode (PSM), scheduling, smart-phones,
	wireless local area networks (WLANSs)},
  location = {San Francisco, California, USA},
  numpages = {16},
  owner = {Yongsen},
  timestamp = {2012.11.06},
  url = {http://doi.acm.org/10.1145/1814433.1814445}
}

@INPROCEEDINGS{Sanadhya:2012:ACI:2348543.2348565,
  author = {Sanadhya, Shruti and Sivakumar, Raghupathy and Kim, Kyu-Han and Congdon,
	Paul and Lakshmanan, Sriram and Singh, Jatinder Pal},
  title = {Asymmetric caching: improved network deduplication for mobile devices},
  booktitle = {Proceedings of the 18th annual international conference on Mobile
	computing and networking},
  year = {2012},
  series = {Mobicom '12},
  pages = {161--172},
  address = {New York, NY, USA},
  publisher = {ACM},
  acmid = {2348565},
  doi = {10.1145/2348543.2348565},
  isbn = {978-1-4503-1159-5},
  keywords = {asymmetric caching, bandwidth conservation, mobile devices, mobile
	networks, mobile traffic, network deduplication},
  location = {Istanbul, Turkey},
  numpages = {12},
  owner = {Yongsen},
  timestamp = {2012.11.06},
  url = {http://doi.acm.org/10.1145/2348543.2348565}
}

@INPROCEEDINGS{Schulman:2010:BPA:1859995.1860006,
  author = {Schulman, Aaron and Navda, Vishnu and Ramjee, Ramachandran and Spring,
	Neil and Deshpande, Pralhad and Grunewald, Calvin and Jain, Kamal
	and Padmanabhan, Venkata N.},
  title = {Bartendr: a practical approach to energy-aware cellular data scheduling},
  booktitle = {Proceedings of the sixteenth annual international conference on Mobile
	computing and networking},
  year = {2010},
  series = {MobiCom '10},
  pages = {85--96},
  address = {New York, NY, USA},
  publisher = {ACM},
  acmid = {1860006},
  doi = {10.1145/1859995.1860006},
  isbn = {978-1-4503-0181-7},
  keywords = {bartendr, cellular, energy, evdo, hsdpa, mobile},
  location = {Chicago, Illinois, USA},
  numpages = {12},
  owner = {Yongsen},
  timestamp = {2012.11.06},
  url = {http://doi.acm.org/10.1145/1859995.1860006}
}

@INPROCEEDINGS{Shen:2012:RAM:2348543.2348551,
  author = {Shen, Wei-Liang and Tung, Yu-Chih and Lee, Kuang-Che and Lin, Kate
	Ching-Ju and Gollakota, Shyamnath and Katabi, Dina and Chen, Ming-Syan},
  title = {Rate adaptation for 802.11 multiuser mimo networks},
  booktitle = {Proceedings of the 18th annual international conference on Mobile
	computing and networking},
  year = {2012},
  series = {Mobicom '12},
  pages = {29--40},
  address = {New York, NY, USA},
  publisher = {ACM},
  acmid = {2348551},
  doi = {10.1145/2348543.2348551},
  isbn = {978-1-4503-1159-5},
  keywords = {multiuser mimo networks, rate adaptation},
  location = {Istanbul, Turkey},
  numpages = {12},
  owner = {Yongsen},
  timestamp = {2012.11.06},
  url = {http://doi.acm.org/10.1145/2348543.2348551}
}

@INPROCEEDINGS{Shepard:2012:APM:2348543.2348553,
  author = {Shepard, Clayton and Yu, Hang and Anand, Narendra and Li, Erran and
	Marzetta, Thomas and Yang, Richard and Zhong, Lin},
  title = {Argos: practical many-antenna base stations},
  booktitle = {Proceedings of the 18th annual international conference on Mobile
	computing and networking},
  year = {2012},
  series = {Mobicom '12},
  pages = {53--64},
  address = {New York, NY, USA},
  publisher = {ACM},
  acmid = {2348553},
  doi = {10.1145/2348543.2348553},
  isbn = {978-1-4503-1159-5},
  keywords = {MRT, beamforming, conjugate, large-scale antenna systems (LSAS), many-antenna,
	massive MIMO, multi-user MIMO, zero-forcing},
  location = {Istanbul, Turkey},
  numpages = {12},
  owner = {Yongsen},
  timestamp = {2012.11.06},
  url = {http://doi.acm.org/10.1145/2348543.2348553}
}

@INPROCEEDINGS{Vamanan:2010:EOP:1851182.1851208,
  author = {Vamanan, Balajee and Voskuilen, Gwendolyn and Vijaykumar, T. N.},
  title = {EffiCuts: optimizing packet classification for memory and throughput},
  booktitle = {Proceedings of the ACM SIGCOMM 2010 conference},
  year = {2010},
  series = {SIGCOMM '10},
  pages = {207--218},
  address = {New York, NY, USA},
  publisher = {ACM},
  acmid = {1851208},
  doi = {10.1145/1851182.1851208},
  isbn = {978-1-4503-0201-2},
  keywords = {decision-tree algorithm, packet classification, rule replication},
  location = {New Delhi, India},
  numpages = {12},
  owner = {Yongsen},
  timestamp = {2012.11.06},
  url = {http://doi.acm.org/10.1145/1851182.1851208}
}

@INPROCEEDINGS{Wang:2012:ERL:2342356.2342364,
  author = {Wang, Jue and Hassanieh, Haitham and Katabi, Dina and Indyk, Piotr},
  title = {Efficient and reliable low-power backscatter networks},
  booktitle = {Proceedings of the ACM SIGCOMM 2012 conference on Applications, technologies,
	architectures, and protocols for computer communication},
  year = {2012},
  series = {SIGCOMM '12},
  pages = {61--72},
  address = {New York, NY, USA},
  publisher = {ACM},
  acmid = {2342364},
  doi = {10.1145/2342356.2342364},
  isbn = {978-1-4503-1419-0},
  keywords = {backscatter, compressive sensing, rfid, wireless},
  location = {Helsinki, Finland},
  numpages = {12},
  owner = {Yongsen},
  timestamp = {2012.11.06},
  url = {http://doi.acm.org/10.1145/2342356.2342364}
}

@INPROCEEDINGS{Wei:2012:PMP:2348543.2348563,
  author = {Wei, Xuetao and Gomez, Lorenzo and Neamtiu, Iulian and Faloutsos,
	Michalis},
  title = {ProfileDroid: multi-layer profiling of android applications},
  booktitle = {Proceedings of the 18th annual international conference on Mobile
	computing and networking},
  year = {2012},
  series = {Mobicom '12},
  pages = {137--148},
  address = {New York, NY, USA},
  publisher = {ACM},
  acmid = {2348563},
  doi = {10.1145/2348543.2348563},
  isbn = {978-1-4503-1159-5},
  keywords = {android apps, google android, monitoring, profiling, system},
  location = {Istanbul, Turkey},
  numpages = {12},
  owner = {Yongsen},
  timestamp = {2012.11.06},
  url = {http://doi.acm.org/10.1145/2348543.2348563}
}

@INPROCEEDINGS{Zhang:2011:EEI:2030613.2030637,
  author = {Zhang, Xinyu and Shin, Kang G.},
  title = {E-MiLi: energy-minimizing idle listening in wireless networks},
  booktitle = {Proceedings of the 17th annual international conference on Mobile
	computing and networking},
  year = {2011},
  series = {MobiCom '11},
  pages = {205--216},
  address = {New York, NY, USA},
  publisher = {ACM},
  acmid = {2030637},
  doi = {10.1145/2030613.2030637},
  isbn = {978-1-4503-0492-4},
  keywords = {CSMA wireless networks, adapting clock-rate, dynamic frequency scaling,
	energy efficiency, idle listening, packet detection},
  location = {Las Vegas, Nevada, USA},
  numpages = {12},
  owner = {Yongsen},
  timestamp = {2012.11.06},
  url = {http://doi.acm.org/10.1145/2030613.2030637}
}

@INPROCEEDINGS{Zhuang:2010:IEE:1814433.1814464,
  author = {Zhuang, Zhenyun and Kim, Kyu-Han and Singh, Jatinder Pal},
  title = {Improving energy efficiency of location sensing on smartphones},
  booktitle = {Proceedings of the 8th international conference on Mobile systems,
	applications, and services},
  year = {2010},
  series = {MobiSys '10},
  pages = {315--330},
  address = {New York, NY, USA},
  publisher = {ACM},
  acmid = {1814464},
  doi = {10.1145/1814433.1814464},
  isbn = {978-1-60558-985-5},
  keywords = {energy efficiency, location sensing, location-based applications,
	smartphone},
  location = {San Francisco, California, USA},
  numpages = {16},
  owner = {Yongsen},
  timestamp = {2012.11.06},
  url = {http://doi.acm.org/10.1145/1814433.1814464}
}

@INPROCEEDINGS{Zohar:2011:PPC:2018436.2018447,
  author = {Zohar, Eyal and Cidon, Israel and Mokryn, Osnat (Ossi)},
  title = {The power of prediction: cloud bandwidth and cost reduction},
  booktitle = {Proceedings of the ACM SIGCOMM 2011 conference},
  year = {2011},
  series = {SIGCOMM '11},
  pages = {86--97},
  address = {New York, NY, USA},
  publisher = {ACM},
  acmid = {2018447},
  doi = {10.1145/2018436.2018447},
  isbn = {978-1-4503-0797-0},
  keywords = {caching, cloud computing, network optimization, traffic redundancy
	elimination},
  location = {Toronto, Ontario, Canada},
  numpages = {12},
  owner = {Yongsen},
  timestamp = {2012.11.06},
  url = {http://doi.acm.org/10.1145/2018436.2018447}
}

@ARTICLE{Ahmed2008Online,
  author = {Ahmed, Nabeel and Ismail, Usman and Keshav, Srinivasan and Papagiannaki,
	Konstantina},
  title = {Online estimation of {RF} interference},
  year = {2008},
  journal = {ACM CoNEXT '08},
  owner = {MaYongsen},
  timestamp = {2012.04.17},
  url = {http://doi.acm.org/10.1145/1544012.1544016}
}

@ARTICLE{Bala2010wifi,
  author = {Balasubramanian, A. and Mahajan, R. and Venkataramani, A.},
  title = {Augmenting mobile {3G} using {WiFi}},
  journal = {ACM MOBISYS '10},
  year = {2010},
  acmid = {1814456},
  doi = {10.1145/1814433.1814456},
  isbn = {978-1-60558-985-5},
  keywords = {3G augmentation, applications, vehicular network, wifi},
  url = {http://doi.acm.org/10.1145/1814433.1814456}
}

@ARTICLE{5620919,
  author = {Boppana, R. and X. Su},
  title = {On the Effectiveness of Monitoring for Intrusion Detection in Mobile
	{Ad Hoc} Networks},
  journal = {IEEE Transactions on Mobile Computing},
  year = {2011},
  volume = {10},
  pages = {1162 -1174},
  number = {8},
  month = {Aug.},
  doi = {10.1109/TMC.2010.210},
  issn = {1536-1233},
  keywords = {Glomosim simulator;Markov models;data forwarding;false positive behavior;mobile
	ad hoc networks;monitoring-based intrusion detection;probabilistic
	noise generator model;revised noise model;three-node configuration;Markov
	processes;mobile ad hoc networks;telecommunication security;},
  owner = {root},
  timestamp = {2012.05.13}
}

@ARTICLE{chen2011ram,
  author = {Chen, X. and Gangwal, P. and Qiao, D.},
  title = {{RAM}: Rate Adaptation in Mobile Environments},
  journal = {IEEE Transactions on Mobile Computing},
  year = {2012},
  volume = {11},
  pages = {464 -477},
  number = {3},
  month = {Mar.},
  owner = {MaYongsen},
  publisher = {IEEE},
  timestamp = {2012.07.24}
}

@ARTICLE{CSI-SF,
  author = {Crepaldi, R. and J. Lee and Etkin, R. and S. Lee and
	Kravets, R.},
  title = {{CSI-SF}: Estimating wireless channel state using {CSI} sampling
	\& fusion},
  journal = {IEEE INFOCOM 2012},
  year = {2012},
  doi = {10.1109/INFCOM.2012.6195523},
  issn = {0743-166X},
  keywords = {CSI-SF;IEEE 802.11n;MIMO configuration;antenna selection;association
	control;channel state information sampling and fusion;multiple input
	multiple output antenna technology;multistream settings;network performance;rate
	adaptation;sampling overhead;single stream packets;wireless LAN;wireless
	channel state estimation;MIMO communication;antennas;channel estimation;state
	estimation;telecommunication standards;wireless LAN;wireless channels;},
  owner = {MaYongsen},
  timestamp = {2012.07.25}
}

@ARTICLE{Deek:2011,
  author = {Deek, L. and Garcia-Villegas, E. and Belding, E. and
	Lee, S. and Almeroth, K.},
  title = {The impact of channel bonding on 802.11n network management},
  journal = {ACM CoNEXT '11},
  year = {2011},
  owner = {MaYongsen},
  timestamp = {2012.07.19},
  url = {http://doi.acm.org/10.1145/2079296.2079307}
}

@ARTICLE{dujovne2010taxonomy,
  author = {Dujovne, D. and Turletti, T. and Filali, F.},
  title = {A Taxonomy of {IEEE} 802.11 Wireless Parameters and Open Source Measurement
	Tools},
  journal = {Communications Surveys Tutorials, IEEE},
  year = {2010},
  volume = {12},
  pages = {249 -262},
  number = {2},
  owner = {MaYongsen},
  timestamp = {2012.04.13}
}

@MISC{minstrel,
  author = {F. Fietkau},
  title = {Minstrel rate control algorithm for mac80211},
  howpublished = {\url{http://madwifi-project.org/browser/madwifi/trunk/ath_rate/minstrel}},
  month = {Jan.},
  year = {2005},
  owner = {MaYongsen},
  timestamp = {2012.07.19},
  url = {http://madwifi-project.org/browser/madwifi/trunk/ath_rate/minstrel}
}

@ARTICLE{floyd2000equation,
  author = {Floyd, S. and Handley, M. and Padhye, J. and Widmer, J.},
  title = {Equation-based congestion control for unicast applications},
  journal = {ACM SIGCOMM '00},
  year ={2000},
  acmid = {347397},
  owner = {MaYongsen},
  timestamp = {2012.07.17},
  url = {http://doi.acm.org/10.1145/347057.347397}
}

@ARTICLE{Halperin_csitool,
  author = {Daniel Halperin and Wenjun Hu and Anmol Sheth and David Wetherall},
  title = {Tool Release: Gathering 802.11n Traces with Channel State Information},
  journal = {ACM SIGCOMM CCR},
  owner = {root},
  timestamp = {2012.05.16},
  url = {http://ccr.sigcomm.org/online/?q=node/719}
}

@ARTICLE{Halperin2010predictable,
  author = {Halperin, D. and Hu, W. and Sheth, A. and Wetherall, D.},
  title = {Predictable 802.11 packet delivery from wireless channel measurements},
  journal = {ACM SIGCOMM '10},
  year = {2010},
  timestamp = {2012.05.03},
  url = {http://doi.acm.org/10.1145/1851275.1851203}
}

@ARTICLE{hiertz2010802.11,
  author = {Hiertz, Guido R. and Denteneer, Dee and Stibor, Lothar and Zang,
	Yunpeng and Costa, Xavier P{\'e}rez and Walke, Bernhard},
  title = {The {IEEE} 802.11 universe},
  journal = {Comm. Mag.},
  year = {2010},
  volume = {48},
  pages = {62--70},
  number = {1},
  month = {Jan.},
  acmid = {1820997},
  address = {Piscataway, NJ, USA},
  issn = {0163-6804},
  issue_date = {January 2010},
  numpages = {9},
  owner = {MaYongsen},
  publisher = {IEEE Press},
  timestamp = {2012.04.20},
  url = {http://dl.acm.org/citation.cfm?id=1820984.1820997}
}

@ARTICLE{judd2008efficient,
  author = {Judd, G. and Wang, X. and Steenkiste, P.},
  title = {Efficient channel-aware rate adaptation in dynamic environments},
  journal = {ACM MOBISYS '08},
  year = {2008},
  owner = {MaYongsen},
  timestamp = {2012.07.20}
}

@ARTICLE{kashyap2007capacity,
  author = {Kashyap, A. and Ganguly, S. and Das, S. R.},
  title = {A measurement-based approach to modeling link capacity in 802.11-based
	wireless networks},
  journal = {ACM MOBICOM '07},
  year = {2007},
  acmid = {1287883},
  doi = {10.1145/1287853.1287883},
  isbn = {978-1-59593-681-3},
  keywords = {802.11, wireless interference, wireless network capacity},
  owner = {MaYongsen},
  timestamp = {2012.04.17},
  url = {http://doi.acm.org/10.1145/1287853.1287883}
}

@ARTICLE{kim2010sybot,
  author = {Kim, K. and Min, A. W. and Shin, K. G.},
  title = {Sybot: an adaptive and mobile spectrum survey system for wifi networks},
  journal = {ACM MOBICOM '10},
  year = {2010},
  acmid = {1860029},
  doi = {10.1145/1859995.1860029},
  isbn = {978-1-4503-0181-7},
  keywords = {adaptive spectrum survey, measurement, spectrum map, spectrum site-survey,
	wireless network},
  owner = {MaYongsen},
  timestamp = {2012.04.13},
  url = {http://doi.acm.org/10.1145/1859995.1860029}
}

@INPROCEEDINGS{kim2006accurate,
  author = {Kim, K. and Shin, K. G.},
  title = {On accurate measurement of link quality in multi-hop wireless mesh
	networks},
  booktitle = {MobiCom '06},
  year = {2006},
  pages = {38--49},
  address = {New York, NY, USA},
  publisher = {ACM},
  acmid = {1161095},
  doi = {10.1145/1161089.1161095},
  isbn = {1-59593-286-0},
  keywords = {asymmetric link quality, link-quality measurement, wireless mesh networks},
  location = {Los Angeles, CA, USA},
  numpages = {12},
  owner = {MaYongsen},
  timestamp = {2012.04.17},
  url = {http://doi.acm.org/10.1145/1161089.1161095}
}

@ARTICLE{kim2009experimental,
  author = {Kim, W. and Khan, O. and Truong, K.T. and Choi, S.H. and Grant, R.
	and Wright, H.K. and Mandke, K. and Daniels, R.C. and Heath, RW and
	Nettles, S.M.},
  title = {An experimental evaluation of rate adaptation for multi-antenna systems},
  journal = {IEEE INFOCOM 2009},
  year = {2009},
  owner = {MaYongsen},
  timestamp = {2012.07.20}
}

@ARTICLE{kolar2011mesh,
  author = {Kolar, V. and Razak, S. and M\"{a}h\"{o}nen, P. and Abu-Ghazaleh,
	N. B.},
  title = {Link quality analysis and measurement in wireless mesh networks},
  journal = {Ad Hoc Netw.},
  year = {2011},
  volume = {9},
  pages = {1430--1447},
  number = {8},
  month = {Nov.},
  acmid = {2009824},
  address = {Amsterdam, The Netherlands, The Netherlands},
  doi = {10.1016/j.adhoc.2011.03.005},
  issn = {1570-8705},
  issue_date = {November, 2011},
  keywords = {Distribution, Measurement, Measurement framework, Packet error rate,
	Signal strength, Wireless networks},
  numpages = {18},
  owner = {MaYongsen},
  publisher = {Elsevier Science Publishers B. V.},
  timestamp = {2012.04.17},
  url = {http://dx.doi.org/10.1016/j.adhoc.2011.03.005}
}

@ARTICLE{10.1109/TMC.2009.87,
  author = {V. Lenders and M. Martonosi},
  title = {Repeatable and Realistic Experimentation in Mobile Wireless Networks},
  journal = {IEEE Transactions on Mobile Computing},
  year = {2009},
  volume = {8},
  pages = {1718-1728},
  address = {Los Alamitos, CA, USA},
  doi = {http://doi.ieeecomputersociety.org/10.1109/TMC.2009.87},
  issn = {1536-1233},
  owner = {MaYongsen},
  publisher = {IEEE Computer Society},
  timestamp = {2012.05.09}
}

@ARTICLE{liu2010passive,
  author = {S. Liu and G. Xing and H. Zhang and J. Wang
	and Jun Huang and Mo Sha and Liusheng Huang},
  title = {Passive interference measurement in Wireless Sensor Networks},
  journal = {IEEE ICNP '10},
  year = {2010},
  owner = {MaYongsen},
  timestamp = {2012.04.13}
}

@MISC{EWMAChart,
  author = {NIST/SEMATECH},
  title = {e-Handbook of Statistical Methods},
  howpublished = {\url{http://www.itl.nist.gov/div898/handbook/}},
  month = {April.},
  year = {2012},
  chapter = {6.3.2.4. EWMA Control Charts},
  owner = {MaYongsen},
  timestamp = {2012.07.06},
  url = {http://www.itl.nist.gov/div898/handbook/}
}

@ARTICLE{Pefkianakis:2010,
  author = {Pefkianakis, I. and Hu, Y. and Wong, S.H. and Yang,
	H. and Lu, S.},
  title = {{MIMO} rate adaptation in 802.11n wireless networks},
  journal = {ACM MOBICOM '10},
  year = {2010},
  acmid = {1860025},
  doi = {10.1145/1859995.1860025},
  isbn = {978-1-4503-0181-7},
  keywords = {ieee 802.11n, mimo, rate adaptation},
  owner = {root},
  timestamp = {2012.05.16},
  url = {http://doi.acm.org/10.1145/1859995.1860025}
}

@INPROCEEDINGS{Pelechrinis2010high,
  author = {Pelechrinis, K. and Salonidis, T. and Lundgren,
	H. and Vaidya, N.},
  title = {Experimental characterization of 802.11n link quality at high rates},
  booktitle = {WiNTECH '10},
  year = {2010},
  pages = {39--46},
  address = {New York, NY, USA},
  publisher = {ACM},
  acmid = {1860087},
  doi = {10.1145/1860079.1860087},
  isbn = {978-1-4503-0140-4},
  keywords = {802.11n, mimo, packet delivery ratio},
  location = {Chicago, Illinois, USA},
  numpages = {8},
  owner = {MaYongsen},
  timestamp = {2012.05.03},
  url = {http://doi.acm.org/10.1145/1860079.1860087}
}

@ARTICLE{perahia2008next,
  author = {Perahia, E. and Stacey, R.},
  title = {Next Generation Wireless LANs: throughput, robustness and reliability
	in 802.11n},
  journal = {Recherche},
  year = {2008},
  volume = {67},
  pages = {02},
  owner = {MaYongsen},
  timestamp = {2012.07.15}
}

@ARTICLE{k.rayanchu:fluid:,
  author = {S. K. Rayanchu and V. Shrivastava and S. Banerjee and
	R. Chandra},
  title = {{FLUID}: improving throughputs in enterprise wireless lans through
	flexible channelization},
  journal = {ACM MOBICOM'11},
  year = {2011},
  owner = {MaYongsen},
  timestamp = {2012.07.11}
}

@ARTICLE{reis2006model,
  author = {Reis, C. and Mahajan, R. and Rodrig, M. and Wetherall,
	D. and Zahorjan, J.},
  title = {Measurement-based models of delivery and interference in static wireless
	networks},
  journal = {ACM SIGCOMM '06},
  year = {2006},
  acmid = {1159921},
  address = {New York, NY, USA},
  doi = {10.1145/1151659.1159921},
  issn = {0146-4833},
  issue_date = {October 2006},
  keywords = {RSSI, interference, modeling},
  owner = {MaYongsen},
  timestamp = {2012.04.17},
  url = {http://doi.acm.org/10.1145/1151659.1159921}
}

@INPROCEEDINGS{sevani2012sir,
  author = {Sevani, V. and Raman, B.},
  title = {{SIR} based interference modeling for wireless mesh networks: A detailed
	measurement study},
  booktitle = {COMSNETS '12},
  year = {2012},
  pages = {1 -10},
  month = {Jan.},
  owner = {MaYongsen},
  timestamp = {2012.04.13}
}

@MISC{smith2010mobile,
  author = {Smith, A.},
  title = {Mobile access 2010},
  howpublished = {\url{http://www.pewinternet.org/Reports/2010/Mobile-Access-2010.aspx}},
  year = {2010},
  journal = {Retrieved July},
  owner = {MaYongsen},
  timestamp = {2012.07.15},
  url = {http://www.pewinternet.org/Reports/2010/Mobile-Access-2010.aspx}
}

@MISC{wong2008wireless,
  author = {Wong, M. and Gilbert, J. and Barratt, C.},
  title = {Wireless {LAN} using {RSSI} and {BER} parameters for transmission
	rate adaptation},
  year = {2008},
  note = {US Patent 7,369,510},
  owner = {MaYongsen},
  publisher = {Google Patents},
  timestamp = {2012.07.20}
}

@ARTICLE{zhang2008practical,
  author = {Zhang, J. and Tan, K. and Zhao, J. and Wu, H. and Zhang, Y.},
  title = {A practical {SNR}-guided rate adaptation},
  journal = {IEEE INFOCOM 2008},
  year = {2008},
  owner = {MaYongsen},
  timestamp = {2012.07.20}
}

@INPROCEEDINGS{Zhao2003delivery,
  author = {Zhao, Jerry and Govindan, Ramesh},
  title = {Understanding packet delivery performance in dense wireless sensor
	networks},
  booktitle = {Proceedings of the 1st international conference on Embedded networked
	sensor systems},
  year = {2003},
  series = {SenSys '03},
  pages = {1--13},
  address = {New York, NY, USA},
  publisher = {ACM},
  acmid = {958493},
  doi = {10.1145/958491.958493},
  isbn = {1-58113-707-9},
  keywords = {low power radio, packet loss, performance measurement},
  location = {Los Angeles, California, USA},
  numpages = {13},
  owner = {MaYongsen},
  timestamp = {2012.05.03},
  url = {http://doi.acm.org/10.1145/958491.958493}
}

@MISC{ath9k,
  title = {Atheros Linux wireless drivers},
  author = {Qualcomm Atheros},
  howpublished = {\url{http://linuxwireless.org/en/users/Drivers/ath9k}},
  year = {2012},
  owner = {MaYongsen},
  timestamp = {2012.07.15},
  url = {http://linuxwireless.org/en/users/Drivers/ath9k}
}

@ARTICLE{5510775,
author={Hun Seok Kim and Daneshrad, B.},
journal={IEEE Transactions on Wireless Communications},
title={Energy-Constrained Link Adaptation for MIMO OFDM Wireless Communication Systems},
year={2010},
month={september },
volume={9},
number={9},
pages={2820 -2832},
keywords={MIMO OFDM radio;QoS;STBC;energy-constrained link adaptation protocol;maximum likelihood decoding;multiple input multiple output systems;orthogonal frequency division multiplexing;quality of service;receive antennas;space time block coding;spatial multiplexing;transmit antennas;wireless communication systems;zero-forcing decoding;MIMO communication;OFDM modulation;block codes;maximum likelihood decoding;protocols;quality of service;radio links;receiving antennas;space division multiplexing;space-time codes;transmitting antennas;},
doi={10.1109/TWC.2010.062910.090983},
ISSN={1536-1276}
}

@INPROCEEDINGS{6214414,
author={Eraslan, E. and Daneshrad, B.},
booktitle={IEEE WCNC 2012},
title={Practical energy efficient link adaptation for MIMO-OFDM systems},
year={2012},
month={april},
volume={},
number={},
pages={480 -485},
keywords={MIMO-OFDM systems;QoS requirements;computational complexity;energy efficient link adaptation;iterative algorithms;optimal mode;quality of service requirements;MIMO communication;OFDM modulation;computational complexity;iterative methods;quality of service;},
doi={10.1109/WCNC.2012.6214414},
ISSN={1525-3511}
}

@INPROCEEDINGS{1019408,
author={Wei Ye and Heidemann, J. and Estrin, D.},
booktitle={IEEE INFOCOM 2002},
title={An energy-efficient MAC protocol for wireless sensor networks},
year={2002},
month={},
volume={3},
number={},
pages={ 1567 - 1576 vol.3},
keywords={ Berkeley; IEEE 802.11; Mote; PAMAS; S-MAC; University of California; battery-operated computing devices; battery-operated sensing devices; contention latency reduction; energy conservation; energy consumption reduction; energy-efficient MAC protocol; environmental monitoring; idle channel; in-channel signaling; medium-access control protocol; message passing; network nodes; per-node fairness; self-configuration; sensor node; sleep schedules; store-and-forward processing; traffic load; virtual clusters; wireless LAN; wireless MAC; wireless sensor networks; access protocols; packet radio networks; sensors; wireless LAN;},
doi={10.1109/INFCOM.2002.1019408},
ISSN={0743-166X }
}

@INPROCEEDINGS{926982,
author={Heinzelman, W.R. and Chandrakasan, A. and Balakrishnan, H.},
booktitle={HICSS 2000},
title={Energy-efficient communication protocol for wireless microsensor networks},
year={2000},
month={jan.},
volume={},
number={},
pages={ 10 pp. vol.2},
keywords={ LEACH; Low-Energy Adaptive Clustering Hierarchy; civil applications; clustering-based protocol; data fusion; dynamic networks; energy dissipation; energy load distribution; energy-efficient communication protocol; localized coordination; military applications; randomized local cluster based station rotation; reliable monitoring; robustness; routing protocol; scalability; simulations; useful system lifetime; wireless distributed microsensor system; microsensors; military communication; mobile radio; protocols; sensor fusion; telecommunication network routing;},
doi={10.1109/HICSS.2000.926982},
ISSN={ }
}

@article{Chen:2002:SEC:582455.582461,
 author = {Chen, Benjie and Jamieson, Kyle and Balakrishnan, Hari and Morris, Robert},
 title = {Span: an energy-efficient coordination algorithm for topology maintenance in ad hoc wireless networks},
 journal = {Wirel. Netw.},
 issue_date = {September 2002},
 volume = {8},
 number = {5},
 month = sep,
 year = {2002},
 issn = {1022-0038},
 pages = {481--494},
 numpages = {14},
 url = {http://dx.doi.org/10.1023/A:1016542229220},
 doi = {10.1023/A:1016542229220},
 acmid = {582461},
 publisher = {Kluwer Academic Publishers},
 address = {Hingham, MA, USA},
 keywords = {energy, routing, topology-formation, wireless},
}

@inproceedings{Jang:2011:SEM:2079296.2079308,
 author = {Jang, Ki-Young and Hao, Shuai and Sheth, Anmol and Govindan, Ramesh},
 title = {Snooze: energy management in 802.11n WLANs},
 booktitle = {CoNEXT '11},
 year = {2011},
 isbn = {978-1-4503-1041-3},
 location = {Tokyo, Japan},
 pages = {12:1--12:12},
 articleno = {12},
 numpages = {12},
 url = {http://doi.acm.org/10.1145/2079296.2079308},
 doi = {10.1145/2079296.2079308},
 acmid = {2079308},
 publisher = {ACM},
 address = {New York, NY, USA},
 keywords = {802.11n, antenna configuration management, energy saving, micro-sleep},
}

@comment{jabref-meta: selector_review:}

@comment{jabref-meta: selector_publisher:}

@comment{jabref-meta: selector_author:}

@comment{jabref-meta: selector_journal:}

@comment{jabref-meta: selector_keywords:}
